@book{texbook,
	author = {Donald E. Knuth},
	year = {1986},
	title = {The \TeX{} Book},
	publisher = {Addison-Wesley Professional}
}

@article{PassGAN,
  author    = {Briland Hitaj and
               Paolo Gasti and
               Giuseppe Ateniese and
               Fernando P{\'{e}}rez{-}Cruz},
  title     = {PassGAN: {A} Deep Learning Approach for Password Guessing},
  journal   = {CoRR},
  volume    = {abs/1709.00440},
  year      = {2017},
  url       = {http://arxiv.org/abs/1709.00440},
  archivePrefix = {arXiv},
  eprint    = {1709.00440},
  timestamp = {Mon, 13 Aug 2018 16:47:33 +0200},
  biburl    = {https://dblp.org/rec/bib/journals/corr/abs-1709-00440},
  bibsource = {dblp computer science bibliography, https://dblp.org}
}

@inproceedings{Melicher2016,
  author    = {William Melicher and
               Blase Ur and
               Sean M. Segreti and
               Saranga Komanduri and
               Lujo Bauer and
               Nicolas Christin and
               Lorrie Faith Cranor},
  title     = {Fast, Lean, and Accurate: Modeling Password Guessability Using Neural
               Networks},
  booktitle = {25th {USENIX} Security Symposium, {USENIX} Security 16, Austin, TX,
               USA, August 10-12, 2016.},
  pages     = {175--191},
  year      = {2016},
  crossref  = {DBLP:conf/uss/2016},
  url       = {https://www.usenix.org/conference/usenixsecurity16/technical-sessions/presentation/melicher},
  timestamp = {Mon, 05 Sep 2016 15:43:05 +0200},
  biburl    = {https://dblp.org/rec/bib/conf/uss/MelicherUSKBCC16},
  bibsource = {dblp computer science bibliography, https://dblp.org}
}

@article{Thompson1979,
  author    = {Robert H. Morris Sr. and
               Ken Thompson},
  title     = {Password Security - {A} Case History},
  journal   = {Commun. {ACM}},
  volume    = {22},
  number    = {11},
  pages     = {594--597},
  year      = {1979},
  url       = {https://doi.org/10.1145/359168.359172},
  doi       = {10.1145/359168.359172},
  timestamp = {Wed, 14 Nov 2018 10:22:36 +0100},
  biburl    = {https://dblp.org/rec/bib/journals/cacm/MorrisT79},
  bibsource = {dblp computer science bibliography, https://dblp.org}
}

@misc{john,
  title = {John the Ripper password cracker},
  howpublished = {\url{https://www.openwall.com/john/}},
  note = {Accessed: 26-02-2019}
}

@misc{hash_cat,
  title = {hashcat: advanced password recovery},
  howpublished = {\url{https://hashcat.net/hashcat/}},
  note = {Accessed: 26-02-2019}
}

@misc{hash_cat_wiki,
  title = {hashcat documentation},
  howpublished = {\url{https://hashcat.net/wiki/}},
  note = {Accessed: 02-03-2019}
}

@misc{hash_cat_mask_attack,
  title = {hashcat documentation: Mask Attack },
  howpublished = {\url{https://hashcat.net/wiki/doku.php?id=mask_attack}},
  note = {Accessed: 02-03-2019}
}

@misc{libero_leak,
  title = {Libero.it password leak: An analysis in-depth},
  howpublished = {\url{https://www.scip.ch/en/?labs.20180913}},
  note = {Accessed: 11-03-2019}
}

@techreport{NIST_2017,
    AUTHOR = "National Institute of Standards and Technology",
    TITLE = "{NIST Special Publication 800-63B: Authentication and Lifecycle Management}",
    %HOWPUBLISHED = {Internet Requests for Comments},
    %TYPE="{RFC}",
    %NUMBER=1654,
    %PAGES = {1-56},
    YEAR = {2017},
    MONTH = {June},
    %ISSN = {2070-1721},
    PUBLISHER = "{National Institute of Standards and Technology"}",
    INSTITUTION = "{National Institute of Standards and Technology"}",
    URL={https://doi.org/10.6028/NIST.SP.800-63b}
   }
